% urldate = {2013-05-16},

@online{c1,
    year = {2016},
    title = {Study reveals poor product content’s impact on digital sales},
    author = {{Retail Dive}},
    url = {https://www.retaildive.com/spons/study-reveals-poor-product-contents-impact-on-digital-sales/419987/},
    urldate = {2025-01-01},
}

@online{c2,
    organization = {Fit Small Business},
    url = {https://fitsmallbusiness.com/shopping-cart-abandonment-statistics/},
    author = {David Rivera},
    title = {30 Shopping Cart Abandonment Statistics To Know for 2024},
    year = {2024},
    urldate = {2025-01-01},
}

@online{c3,
    year = {2024},
    url = {https://www.devdiscourse.com/article/business/3201640-world-bank-approves-250m-for-moroccos-climate-resilient-agri-food-systems-transformation},
    author = {{Devdiscourse}},
    title = {AI-powered e-commerce: Driving innovation and personalized experiences},
    urldate = {2025-01-01},
}

@online{c4,
    author = {{Shopify Staff}},
    organization = {Shopify},
    url = {https://www.shopify.com/blog/ai-ecommerce},
    year = {2023},
    title = {AI in Ecommerce: Applications, Benefits, and Challenges},
    urldate = {2025-01-01},
}

@online{c5,
    url = {https://www.supplychainbrain.com/blogs/1-think-tank/post/40773-optimizing-shipping-and-logistics-in-the-e-commerce-era},
    organization = {SupplyChainBrain},
    year = {2024},
    author = {Deborah Surrette},
    title = {Optimizing Shipping and Logistics in the E-commerce Era},
    urldate = {2025-01-01},
}

@online{c6,
    title = {49 Cart Abandonment Rate Statistics 2024},
    url = {https://baymard.com/lists/cart-abandonment-rate},
    year = {2024},
    author = {{Baymard Institute}},
    urldate = {2025-01-01},
}

@online{c7,
    author = {Gabija Stankevičiūtė},
    title = {Top 5 Marketplace Fraud Examples You Should Know},
    url = {https://www.idenfy.com/blog/marketplace-fraud-examples/},
    organization = {iDenfy},
    urldate = {2025-01-01},
    year = {2023},
}

@book{c8,
    title = {A guide to the project management body of knowledge},
    edition = {7},
    author = {{Project Management Institute}},
    publisher = {Project Management Institute},
    isbn = {9781628256642},
    year = {2021},
}

@book{c9,
    title = {Practical Methods for Design and Analysis of Complex Surveys},
    author = {Risto Lehtonen and Erkki Pahkinen},
    edition = {2},
    year = {2004},
    publisher = {Wiley},
}

@INPROCEEDINGS{c10,
  author={Kung, David and Lei, Jeff},
  booktitle={2016 IEEE 29th International Conference on Software Engineering Education and Training (CSEET)}, 
  title={An Object-Oriented Analysis and Design Environment}, 
  year={2016},
  volume={},
  number={},
  pages={91-100},
  keywords={Unified modeling language;Software;Manuals;Organizations;Training;Skeleton;Object-oriented;analysis and design;tools;methodology;automation;UML},
  doi={10.1109/CSEET.2016.20},
}

@online{c11,
    author = {Greta Castellana},
    title = {Collaborative design process: perspectives from Figma x LTUX event},
    year = {2018},
    organization = {UX Collective},
    url = {https://uxdesign.cc/collaborative-design-process-perspectives-from-figma-x-ltux-event-cf925b6a6fd9},
    urldate = {2025-01-01},
}

@book{c1201,
    author = {Prashanth Sams},
    title = {Selenium Essentials},
    publisher = {Packt Publishing},
    year = {2015},
    edition = {1},
}

@book{c1202,
    author = {Nishant Verma},
    title = {Mobile Test Automation with Appium},
    publisher = {Packt Publishing},
    edition = {1},
    year = {2017},
}

@online{c13,
    author = {Elena Makarenko},
    title = {AI in eCommerce: Statistics, Facts, Use Cases and Benefits},
    year = {2024},
    organization = {Master of Code},
    url = {https://masterofcode.com/blog/state-of-artificial-intelligence-ai-in-ecommerce-statistics-and-deployment},
    urldate = {2025-01-01},
}

@article{c14,
    author = {Kumar, R and Ahmed, S},
    title = {Digital Transformation for {SME}s: The Role of E-Commerce Platforms},
    journal = {International Journal of Business and Economics},
    volume = {12},
    number = {4},
    pages = {89-101},
    year = {2020},
}

@article{c15,
    author = {Johnson, P},
    title = {Building Consumer Trust in Online Marketplaces},
    journal = {E-Commerce Research Review},
    volume = {15},
    number = {2},
    pages = {45-67},
    year = {2019},
}

@article{c16,
    author = {Smith, A and Johnson, T and Brown, E},
    title = {Enhancing E-Commerce Engagement through Personalized Recommendations},
    journal = {E-Commerce Systems Review},
    vol = {12},
    number = {1},
    pages = {45-67},
    year = {2021},
}

@article{c17,
    author = {Jones, M and Taylor, L and Smith, R},
    title = {Automating Inventory Management with Barcode and QR Code Scanning in Retail},
    journal = {International Journal of Retail Studies},
    volume = {8},
    number = {2},
    pages = {135-150},
    year = {2020},
}

@article{c18, 
    author = {Lee, D and Park, J and Kim, S},
    title = {AI-Driven Payment Gateway Optimization and Dynamic Delivery Routing},
    journal = {Journal of E-Commerce Research},
    volume = {10},
    number = {4},
    pages = {387-405},
    year = {2019},
}

@article{c19,
    author = {Chen, Y and Zhang, Q and Li, H},
    title = {The Impact of Short-Form Video Content on E-Commerce Engagement},
    journal = {Journal of Digital Marketing Innovations},
    volume = {15},
    number = {3},
    pages = {201-215},
    year = {2022},
}
